@article{Baez:2001dm,
  author  = {Baez, John C.},
  title   = {The Octonions},
  journal = {Bull. Amer. Math. Soc.},
  volume  = {39},
  pages   = {145--205},
  year    = {2002},
  doi     = {10.1090/S0273-0979-01-00934-X}
}

@book{Jacobson:1968,
  author    = {Jacobson, Nathan},
  title     = {Structure and Representations of Jordan Algebras},
  publisher = {American Mathematical Society},
  year      = {1968}
}

@book{Springer:2000,
  author    = {Springer, T. A. and Veldkamp, F. D.},
  title     = {Octonions, Jordan Algebras and Exceptional Groups},
  publisher = {Springer},
  address   = {New York},
  year      = {2000}
}

@article{Slansky:1981,
  author  = {Slansky, R.},
  title   = {Group theory for unified model building},
  journal = {Phys. Rept.},
  volume  = {79},
  pages   = {1--128},
  year    = {1981}
}

@article{Albert:1934,
  author  = {Albert, A. Adrian},
  title   = {On a certain algebra of quantum mechanics},
  journal = {Ann. Math.},
  volume  = {35},
  number  = {1},
  pages   = {65--73},
  year    = {1934}
}

@book{Schafer:1966,
  author    = {Schafer, Richard D.},
  title     = {An Introduction to Nonassociative Algebras},
  publisher = {Academic Press},
  address   = {New York},
  year      = {1966}
}

@book{McCrimmon:2004,
  author    = {McCrimmon, Kevin},
  title     = {A Taste of Jordan Algebras},
  series    = {Universitext},
  publisher = {Springer},
  address   = {New York},
  year      = {2004}
}

@book{Helgason:1978,
  author    = {Helgason, Sigurdur},
  title     = {Differential Geometry, Lie Groups, and Symmetric Spaces},
  publisher = {Academic Press},
  address   = {New York},
  year      = {1978},
  note      = {Reprinted in the AMS Chelsea series, 2001}
}

@misc{Yamatsu:2015,
  author       = {Yamatsu, Naoki},
  title        = {Finite-Dimensional Lie Algebras and Their Representations for Unified Model Building},
  howpublished = {\url{https://arxiv.org/abs/1511.08771}},
  note         = {arXiv:1511.08771 [hep-ph]},
  year         = {2015}
}

@article{ColemanWeinberg:1973,
  author  = {Coleman, S. and Weinberg, E.},
  title   = {Radiative corrections as the origin of spontaneous symmetry breaking},
  journal = {Phys. Rev. D},
  volume  = {7},
  pages   = {1888--1910},
  year    = {1973},
  doi     = {10.1103/PhysRevD.7.1888}
}

@article{Hawking:1977,
  author  = {Hawking, S. W.},
  title   = {Zeta Function Regularization of Path Integrals in Curved Space-Time},
  journal = {Commun. Math. Phys.},
  volume  = {55},
  pages   = {133--148},
  year    = {1977},
  doi     = {10.1007/BF01626516}
}

@article{Vassilevich:2003,
  author  = {Vassilevich, D. V.},
  title   = {Heat kernel expansion: User's manual},
  journal = {Phys. Rept.},
  volume  = {388},
  pages   = {279--360},
  year    = {2003},
  doi     = {10.1016/j.physrep.2003.09.002}
}

@article{AlvarezGaume:1984,
  author  = {Alvarez-Gaumé, L. and Moore, G. and Vafa, C.},
  title   = {Theta functions, modular invariance, and strings},
  journal = {Commun. Math. Phys.},
  volume  = {106},
  pages   = {1--40},
  year    = {1986}
}

@article{AlvarezGaumeWitten:1984,
  author  = {Alvarez-Gaumé, L. and Witten, E.},
  title   = {Gravitational anomalies},
  journal = {Nucl. Phys. B},
  volume  = {234},
  pages   = {269--330},
  year    = {1984},
  doi     = {10.1016/0550-3213(84)90066-X}
}

@article{CallanColeman:1969,
  author  = {Callan, C. G. and Coleman, S.},
  title   = {Classical lumps and their quantum descendants},
  journal = {Phys. Rev. D},
  volume  = {16},
  pages   = {1762--1768},
  year    = {1977},
  doi     = {10.1103/PhysRevD.16.1762}
}

@article{CallanHarveyStrominger:1991,
  author  = {Callan, C. G. and Harvey, J. A. and Strominger, A.},
  title   = {Worldbrane actions for string solitons},
  journal = {Nucl. Phys. B},
  volume  = {367},
  pages   = {60--82},
  year    = {1991},
  doi     = {10.1016/0550-3213(91)90041-U}
}

@article{GlimmJaffe:1987,
  author  = {Glimm, J. and Jaffe, A.},
  title   = {Quantum Physics: A Functional Integral Point of View},
  journal = {Springer},
  year    = {1987}
}

@article{GodfreyOlive:1985,
  author  = {Goddard, P. and Olive, D.},
  title   = {Algebras, lattices and strings},
  journal = {Nucl. Phys. B Proc. Suppl.},
  volume  = {1},
  pages   = {67--94},
  year    = {1987},
  doi     = {10.1016/0920-5632(87)90006-5}
}

@article{Narain:1986,
  author  = {Narain, K. S.},
  title   = {New heterotic string theories in ten dimensions},
  journal = {Phys. Lett. B},
  volume  = {169},
  pages   = {41--46},
  year    = {1986},
  doi     = {10.1016/0370-2693(86)90682-9}
}

@article{CandelasQuintic:1990,
  author  = {Candelas, P. and Lynker, M. and Schimmrigk, R.},
  title   = {Calabi--Yau manifolds in weighted $\mathbb{P}^{4}$},
  journal = {Nucl. Phys. B},
  volume  = {341},
  pages   = {383--402},
  year    = {1990},
  doi     = {10.1016/0550-3213(90)90577-N}
}

@article{Blumenhagen:2010,
  author  = {Blumenhagen, R. and Jurke, B. and Rahn, T.},
  title   = {Cohomology of line bundles: A computational algorithm},
  journal = {J. Math. Phys.},
  volume  = {51},
  pages   = {103525},
  year    = {2010},
  doi     = {10.1063/1.3501132}
}

@article{Witten:1995,
  author  = {Witten, E.},
  title   = {Discrete torsion and the canonical bundle},
  journal = {J. Geom. Phys.},
  volume  = {15},
  pages   = {215--226},
  year    = {1995},
  doi     = {10.1016/0393-0440(94)00044-G}
}

@article{EtoNitta:2013,
  author  = {Eto, M. and Nitta, M.},
  title   = {Instantons and vortices on non-Abelian singular monopoles},
  journal = {Phys. Rev. D},
  volume  = {88},
  pages   = {105012},
  year    = {2013},
  doi     = {10.1103/PhysRevD.88.105012}
}

@phdthesis{Freudenthal:1954,
  author = {Freudenthal, Hans},
  title  = {Beziehungen der $E_7$ und $E_8$ zur Oktavensenktion},
  school = {Utrecht University},
  year   = {1954}
}

@article{CWZ69,
  author  = {Callan, Curtis G. and Coleman, Sidney R. and Wess, Julius and Zumino, Bruno},
  title   = {Structure of Phenomenological Lagrangians. II},
  journal = {Phys. Rev.},
  volume  = {177},
  pages   = {2247--2250},
  year    = {1969},
  doi     = {10.1103/PhysRev.177.2247}
}

@article{FP67,
  author  = {Faddeev, L. D. and Popov, V. N.},
  title   = {Feynman Diagrams for the Yang--Mills Field},
  journal = {Phys. Lett. B},
  volume  = {25},
  pages   = {29--30},
  year    = {1967},
  doi     = {10.1016/0370-2693(67)90067-6}
}

@book{Itzykson:1980rh,
  author    = {Itzykson, Claude and Zuber, Jean--Bernard},
  title     = {Quantum Field Theory},
  publisher = {McGraw--Hill},
  address   = {New York},
  year      = {1980}
}

@article{Baez:2010,
  author  = {Baez, John C. and Huerta, John},
  title   = {Division Algebras and Supersymmetry II},
  journal = {Adv. Theor. Math. Phys.},
  volume  = {15},
  pages   = {1373--1410},
  year    = {2011},
  doi     = {10.4310/ATMP.2011.v15.n5.a2}
}

@book{LawsonMichelsohn:1989,
  author    = {Lawson, H. Blaine and Michelsohn, Marie-Louise},
  title     = {Spin Geometry},
  publisher = {Princeton University Press},
  year      = {1989}
}

@article{Wetterich1993,
  author  = {Wetterich, Christof},
  title   = {Exact evolution equation for the effective potential},
  journal = {Phys. Lett. B},
  volume  = {301},
  pages   = {90--94},
  year    = {1993},
  doi     = {10.1016/0370-2693(93)90726-X}
}

@article{Morris1994,
  author  = {Morris, Tim R.},
  title   = {The exact renormalization group and approximate solutions},
  journal = {Int. J. Mod. Phys. A},
  volume  = {9},
  pages   = {2411--2450},
  year    = {1994},
  doi     = {10.1142/S0217751X94000972}
}

@book{Percacci2017,
  author    = {Percacci, Roberto},
  title     = {An Introduction to Covariant Quantum Gravity and Asymptotic Safety},
  publisher = {World Scientific},
  year      = {2017},
  doi       = {10.1142/10369}
}

@book{Peskin:1995ev,
  author    = {Peskin, Michael E. and Schroeder, Daniel V.},
  title     = {An Introduction to Quantum Field Theory},
  publisher = {Westview Press},
  year      = {1995},
  address   = {Reading, MA},
  isbn      = {0-201-50397-2},
}

@article{Abbott:1981ke,
  author    = {L. F. Abbott},
  title     = {The Background Field Method Beyond One Loop},
  journal   = {Nucl.\ Phys.\ B},
  volume    = {185},
  pages     = {189--203},
  year      = {1981},
  doi       = {10.1016/0550-3213(81)90371-0},
}

@article{Vassilevich:2003xt,
  author    = {D.~V.~Vassilevich},
  title     = {Heat Kernel Expansion: User’s Manual},
  journal   = {Phys.\ Rept.},
  volume    = {388},
  pages     = {279--360},
  year      = {2003},
  eprint    = {hep-th/0306138},
  doi       = {10.1016/j.physrep.2003.09.002},
}

@book{Weinberg:1996kr,
  author    = {Weinberg, Steven},
  title     = {The Quantum Theory of Fields. Vol. 2: Modern Applications},
  publisher = {Cambridge University Press},
  year      = {1996},
}

@article{Codello:2008vh,
  author  = "Codello, Alessandro and Percacci, Roberto and Rahmede, Christoph",
  title   = "{Investigating the ultraviolet properties of gravity with a Wilsonian renormalization group equation}",
  journal = "Annals Phys.",
  volume  = "324",
  year    = "2009",
  pages   = "414--469",
  doi     = "10.1016/j.aop.2008.08.008"
}

@article{Wetterich:1993,
  author  = "Wetterich, Christoph",
  title   = "{Exact evolution equation for the effective potential}",
  journal = "Phys. Lett. B",
  volume  = "301",
  year    = "1993",
  pages   = "90--94",
  doi     = "10.1016/0370-2693(93)90726-X"
}

@article{Litim:2001fd,
  author  = "Litim, Daniel F.",
  title   = "{Optimized renormalization group flows}",
  journal = "Phys. Rev. D",
  volume  = "64",
  year    = "2001",
  pages   = "105007",
  doi     = "10.1103/PhysRevD.64.105007",
  eprint  = "hep-th/0103195"
}

@article{Gross:1973id,
  author  = {D. J. Gross and F. Wilczek},
  title   = {Ultraviolet Behavior of Non-Abelian Gauge Theories},
  journal = {Phys. Rev. Lett.},
  volume  = {30},
  pages   = {1343--1346},
  year    = {1973}
}

@article{Politzer:1973fx,
  author  = {H. D. Politzer},
  title   = {Reliable Perturbative Results for Strong Interactions?},
  journal = {Phys. Rev. Lett.},
  volume  = {30},
  pages   = {1346--1349},
  year    = {1973}
}

@article{Morris:1994ie,
  author  = {T. R. Morris},
  title   = {On truncations of the exact renormalization group},
  journal = {Phys. Lett. B},
  volume  = {334},
  pages   = {355--362},
  year    = {1994}
}
